@inproceedings{sedgewick2008left,
  title={Left-leaning red-black trees},
  author={Sedgewick, Robert},
  booktitle={Dagstuhl Workshop on Data Structures},
  volume={17},
  year={2008}
}

@article{douglas1979ubiquitous,
  title={Ubiquitous B-tree},
  author={Douglas, Comer},
  journal={ACM Computing Surveys},
  volume={11},
  number={2},
  pages={121--137},
  year={1979}
}

@article{bayer1972organization,
  title={Organization and Maintainence of Large Ordered Indices},
  author={Bayer, R and McCreight, EM},
  journal={Acta Informatica},
  volume={1},
  number={3},
  pages={1},
  year={1972}
}


@article{knuth1977algorithms,
  title={Algorithms},
  author={Knuth, Donald E},
  journal={Scientific American},
  volume={236},
  number={4},
  pages={63--81},
  year={1977},
  publisher={JSTOR}
}
@book{knuth1998sorting,
  title={The Art of Computer Programming, Sorting and Searching},
  author={Knuth, Donald E.},
  volume={3},
  edition={2},
  year={1998},
  publisher={Addison-Wesley, Reading, Massachusetts}
}




@book{goodrich2011data,
  title={Data structures and algorithms in C++},
  author={Goodrich, Michael T and Tamassia, Roberto and Mount, David M},
  year={2011},
  publisher={John Wiley \& Sons}
}
@article{johnson1993b,
  title={B-trees with inserts and deletes: Why free-at-empty is better than merge-at-half},
  author={Johnson, Theodore and Shasha, Dennis},
  journal={Journal of Computer and System Sciences},
  volume={47},
  number={1},
  pages={45--76},
  year={1993},
  publisher={Elsevier}
}



@book{skiena2008algorithm,
  title={The algorithm design manual},
  author={Skiena, Steven S},
  volume={2},
  year={2008},
  page={369},
  publisher={Springer}
}
@article{williams1959handling,
  title={Handling identifies as internal symbols in language processors},
  author={Williams, Francis A},
  journal={Communications of the ACM},
  volume={2},
  number={6},
  pages={21--24},
  year={1959},
  publisher={ACM New York, NY, USA}
}
@inproceedings{celis1985robin,
  title={Robin hood hashing},
  author={Celis, Pedro and Larson, Per-Ake and Munro, J Ian},
  booktitle={26th Annual Symposium on Foundations of Computer Science (sfcs 1985)},
  pages={281--288},
  year={1985},
  organization={IEEE}
}
@article{peterson1957addressing,
  author={Peterson, W. Wesley},
  journal={IBM Journal of Research and Development}, 
  publisher={IBM},
  title={Addressing for Random-Access Storage}, 
  year={1957},
  volume={1},
  number={2},
  pages={130--146},
  doi={10.1147/rd.12.0130},
  ISSN={0018-8646},
  month={April}
}
@article{sleator1985self,
  title={Self-adjusting binary search trees},
  author={Sleator, Daniel Dominic and Tarjan, Robert Endre},
  journal={Journal of the ACM (JACM)},
  volume={32},
  number={3},
  pages={652--686},
  year={1985},
  publisher={ACM New York, NY, USA}
}
