@article{knuth1977algorithms,
  title={Algorithms},
  author={Knuth, Donald E},
  journal={Scientific American},
  volume={236},
  number={4},
  pages={63--81},
  year={1977},
  publisher={JSTOR}
}
@misc{knuth1997sorting,
  title={Sorting and Searching. Third edn. Volume 3 of The art of computer programming},
  author={Knuth, DE},
  year={1997},
  publisher={Addison-Wesley, Reading, Massachusetts}
}
@book{skiena2008algorithm,
  title={The algorithm design manual},
  author={Skiena, Steven S},
  volume={2},
  year={2008},
  page={369},
  publisher={Springer}
}
@article{knuth1973art,
  title={The art of computer programming. Vol. 3, Sorting and Searching},
  author={Knuth, Donald E},
  year={1973},
  publisher={Addison-Wesley}
}
@book{knuth1998sorting,
  title={The Art of Computer Programming, Sorting and Searching},
  author={Knuth, DE},
  volume={3},
  edition={2},
  page={513},
  year={1998},
  publisher={Addison-Wesley, Reading, Massachusetts}
}
@article{williams1959handling,
  title={Handling identifies as internal symbols in language processors},
  author={Williams, Francis A},
  journal={Communications of the ACM},
  volume={2},
  number={6},
  pages={21--24},
  year={1959},
  publisher={ACM New York, NY, USA}
}
