@article{fredkin1960trie,
  title={Trie memory},
  author={Fredkin, Edward},
  journal={Communications of the ACM},
  volume={3},
  number={9},
  pages={490--499},
  year={1960},
  publisher={ACM New York, NY, USA}
}
@article{morrison1968patricia,
  title={PATRICIAâ€”practical algorithm to retrieve information coded in alphanumeric},
  author={Morrison, Donald R},
  journal={Journal of the ACM (JACM)},
  volume={15},
  number={4},
  pages={514--534},
  year={1968},
  publisher={ACM New York, NY, USA}
}
@misc{knuth1997sorting,
  title={Sorting and Searching. Third edn. Volume 3 of The art of computer programming},
  author={Knuth, DE},
  year={1997},
  publisher={Addison-Wesley, Reading, Massachusetts}
}
